2373 3689
394 331 439 365 80
960 343 1012 368 nr.
1040 343 1414 373 PRAEPOSITIONI'M
1446 346 1539 373 USU.

1151 503 1344 532 CONTRA.

453 605 585 663 Apud
620 607 866 649 Caesarem
901 613 1165 665 ceterosque
1194 608 1453 659 historicos,
1479 625 1566 652 non
1597 618 1746 653 autem
1779 613 1897 670 apud
1927 613 2107 657 Cicero-

394 692 509 723 nem.
541 686 708 719 contra
738 677 882 719 locum
907 693 1043 735 saepe
1067 678 1298 736 significat
1328 682 1380 735 (1)
1414 696 1421 722 :

446 774 612 812 Auxilia
641 786 689 812 ex
721 773 956 818 Britannia,
991 787 1099 823 qnae
1122 782 1264 813 μυρρίνη
1288 788 1357 814 eas
1380 777 1573 826 regiones
1596 779 1733 827 posita
1764 783 1840 826 est,
1865 785 2100 820 arcessunt.

394 827 436 865 Β.
463 828 508 865 ss.
537 827 603 865 lll.
629 828 665 864 S).
698 827 753 865 ll).
780 827 883 866 Cum
909 828 1125 867 Viridovix
1148 836 1292 867 cotnra
1316 842 1412 868 eum
1436 830 1619 869 duorum
1656 832 1821 871 milium
1845 834 1982 883 spatio
2004 846 2103 873 con-

394 880 582 919 sedisset.
621 880 663 918 Β.
702 882 747 918 (i.
780 881 848 919 lll.
893 881 948 919 l7.
982 881 1018 919 5.
1058 881 1249 930 Neque...
1279 883 1509 932 quicquam
1546 889 1758 933 praeter...
1790 898 1860 924 eas
1889 887 2098 936 regiones,

392 946 500 982 quae
518 937 619 972 sunt
641 940 783 972 rantra
809 934 978 976 Gallias,
1006 938 1155 973 notum
1178 939 1254 974 est.
1288 935 1331 974 Β.
1358 936 1403 974 G.
1430 936 1495 975 lV.
1520 937 1584 976 2¹20.
1614 937 1652 976 3.
1688 939 1832 978 Insula
1856 943 2009 978 natura
2033 940 2099 979 tri*

392 990 556 1035 quen-a,
588 986 708 1025 cuius
741 999 875 1025 unum
907 987 1017 1026 latus
1046 991 1108 1026 est
1136 995 1279 1027 rantra
1310 989 1502 1028 Calliam.
1529 990 1572 1028 Β.
1606 991 1651 1029 G.
1684 991 1731 1030 V.
1762 992 1819 1030 13.
1847 992 1881 1031 l.
1914 993 2101 1032 Tertium

395 1039 536 1087 (latus)
570 1043 634 1079 est
666 1046 810 1078 eontra
844 1041 1173 1090 septentriones.
1200 1042 1254 1080 ih.
1289 1043 1326 1081 ti.
1353 1042 1411 1080 Cf.
1439 1050 1584 1081 contra
1607 1044 1779 1083 Labieni
1803 1049 1955 1084 castra.
1982 1046 2026 1084 B.
2053 1046 2098 1085 G.

392 1092 480 1131 Vll.
505 1092 568 1131 58.
593 1092 631 1140 6,
659 1093 742 1131 Vll.
769 1093 832 1132 (52.
863 1094 909 1141 83
941 1101 1084 1133 ronlra
1110 1095 1358 1134 exteriorem
1382 1096 1562 1135 hostem.
1590 1097 1632 1135 B.
1666 1097 1711 1136 G.
1737 1098 1824 1136 VII.
1851 1098 1913 1137 74.
1940 1099 1984 1146 1;
2010 1110 2097 1137 con-

393 1152 456 1183 [ra
487 1146 666 1185 hostem.
700 1146 743 1185 B.
778 1146 820 1185 C.
852 1147 883 1187 l.
916 1147 979 1186 41.
1013 1148 1049 1191 4,
1087 1148 1113 1186 I.
1148 1147 1211 1186 42.
1247 1148 1288 1192 l;
1322 1155 1468 1187 contra
1495 1149 1743 1189 Massiliam.
1770 1151 1813 1190 Β.
1839 1151 1881 1190 C.
1908 1152 1938 1190 I.
1962 1151 2024 1190 56.
2052 1153 2097 1199 4;

392 1205 534 1237 contra
554 1199 733 1238 hostem.
758 1200 802 1238 B.
828 1199 870 1238 C.
897 1201 926 1238 1.
952 1201 1014 1239 70.
1044 1201 1082 1247 3,
1119 1201 1146 1239 l.
1177 1200 1240 1239 80.
1266 1203 1311 1247 2;
1343 1208 1487 1240 contra
1515 1206 1701 1253 portum.
1728 1204 1771 1242 B.
1797 1204 1838 1243 C.
1865 1205 1934 1243 ΙΙΙ.
1959 1205 2023 1244 23.
2052 1205 2097 1252 1;

391 1259 534 1290 contra
567 1252 751 1291 Lissum.
777 1253 821 1291 B.
847 1254 889 1291 C.
916 1254 986 1292 lll.
1011 1254 1074 1293 28.
1104 1254 1144 1297 1;
1176 1262 1319 1292 cmztra
1350 1255 1530 1294 hostem.
1558 1256 1600 1295 B.
1633 1256 1674 1294 C.
1701 1257 1770 1296 ΙΙΙ.
1795 1257 1858 1296 63.
1886 1258 1929 1304 1;
1955 1265 2100 1297 comm

391 1317 520 1344 mare.
554 1306 609 1344 ib.
641 1306 686 1352 [ις
717 1313 859 1344 eontra
887 1307 1187 1357 Asparagium.
1220 1308 1262 1346 Β.
1295 1308 1337 1346 C.
1376 1308 1444 1347 Ill.
1482 1308 1544 1348 76.
1576 1309 1620 1355 ¹l;
1656 1317 1802 1348 contra.
1834 1311 2097 1361 Pompeium.

392 1358 435 1397 Β.
461 1358 503 1397 C.
530 1359 599 1397 ΙΙΙ.
624 1358 687 1397 89.
711 1359 760 1406 3;
786 1366 930 1397 (wintra
953 1361 1206 1409 equitatum.
1232 1361 1276 1399 Β.
1302 1362 1344 1399 C.
1374 1361 1440 1400 ΙΙΙ.
1465 1361 1528 1400 94.
1553 1362 1590 1400 3.

1186 1503 1296 1532 CUM.

452 1601 598 1644 Semel
643 1601 763 1659 apud
804 1602 1049 1645 Caesarem
1089 1601 1199 1644 haec
1237 1603 1518 1660 praepositio
1565 1603 1678 1646 duas
1719 1619 1852 1647 voces
1892 1604 2009 1647 inter
2050 1621 2098 1648 se

390 1672 639 1731 coniungit,
671 1688 861 1731 quarum
890 1672 1032 1715 altera
1055 1672 1208 1716 dativo
1230 1680 1451 1731 usurpata
1473 1680 1542 1716 est
1568 1690 1575 1716 :

444 1764 586 1813 Neque
607 1764 800 1803 dubitare
822 1765 983 1810 debere,
1009 1764 1114 1813 quin
1150 1764 1184 1802 si
1214 1764 1428 1803 Helvetios
1463 1764 1760 1814 superaverint
1791 1765 1987 1813 Romani,
2016 1777 2098 1805 unct

391 1828 481 1855 enm
505 1815 660 1869 reliqua
685 1815 821 1856 Gallia
844 1815 1029 1856 Haeduis
1051 1817 1287 1857 libertatem
1313 1817 1401 1856 sint
1421 1818 1619 1867 erepturi.
1640 1818 1684 1856 B.
1710 1818 1755 1856 G.
1782 1818 1809 1856 I.
1840 1818 1900 1857 17.
1925 1819 1961 1857 4.

448 1903 630 1946 Nullum
652 1904 741 1947 tale
764 1904 1015 1962 exemplum
1044 1904 1148 1947 novi
1173 1904 1522 1947 Ciceronianum
1543 1906 1613 1961 (2).

1207 2054 1280 2082 DE.

450 2155 500 2195 ln
530 2152 612 2195 hac
642 2152 980 2210 praepositione
1011 2152 1275 2210 usurpanda
1314 2168 1402 2195 non
1439 2167 1599 2209 parum
1634 2168 1659 2195 a
1695 2153 1896 2196 Caesare
1938 2153 2097 2197 Cicero

389 2223 636 2282 discrepat,
673 2239 776 2266 nam
805 2231 848 2266 et
878 2223 922 2265 in
956 2223 1053 2266 loco
1084 2231 1127 2265 et
1159 2223 1204 2265 in
1236 2229 1365 2280 parte
1400 2223 1704 2281 significanda
1739 2224 1878 2266 multo
1912 2224 2096 2282 longius

389 2310 523 2352 quam
552 2294 626 2337 ille
656 2294 897 2352 processit,
931 2301 1065 2352 atque
1100 2294 1235 2336 etiam
1263 2294 1553 2337 instrumenti
1584 2295 1725 2337 verbo
1759 2301 1837 2337 aut
1879 2294 2096 2337 materiae

388 2365 503 2407 hanc
525 2381 681 2408 vocem
704 2365 947 2424 aliquando
976 2365 1257 2422 praeposuit,
1283 2366 1457 2409 Caesar
1479 2372 1628 2408 autem
1650 2381 1909 2424 numquam.

451 2438 486 2491 ij)
510 2439 573 2478 De
596 2436 763 2479 nomini
786 2436 870 2479 loci
891 2436 1218 2494 praepositum.

448 2526 467 2545 «
508 2509 569 2549 De
590 2507 771 2565 proprie
791 2507 992 2550 declarat
1014 2514 1198 2559 motum,
1228 2522 1358 2564 quem
1381 2507 1586 2550 alicunde
1607 2506 1925 2564 procedentem
1948 2506 2097 2565 sequi—

389 2593 486 2619 mur
515 2580 585 2634 (3).
620 2597 639 2618 »
672 2578 778 2620 Inde
813 2594 864 2621 eo
899 2578 1040 2627 venit,
1074 2585 1123 2620 ut
1149 2577 1371 2636 originem
1399 2584 1547 2620 motus
1580 2577 1862 2635 significaret
1884 2584 1927 2619 et
1958 2592 2094 2634 saepe

389 2664 414 2690 a
444 2648 779 2706 praepositione
809 2665 867 2691 ex.
899 2664 986 2691 non
1020 2648 1208 2690 multum
1245 2648 1504 2690 interesset.
1553 2650 1646 2690 Hoc
1686 2647 1878 2704 primum
1914 2647 2095 2705 quidem

390 2719 554 2761 factum
578 2726 647 2762 est
675 2727 778 2777 post
809 2736 861 2762 ea
893 2720 1033 2762 verba
1061 2719 1327 2777 composita,
1359 2718 1522 2777 quibus
1557 2720 1613 2761 cle
1641 2725 1738 2761 erat
1764 2719 2089 2776 praepositum,

389 2805 489 2832 mox
521 2806 627 2833 vero
660 2791 779 2833 idem
808 2806 920 2833 usus
961 2790 1095 2832 etiam
1130 2790 1174 2831 in
1215 2796 1391 2832 ceteras
1433 2789 1684 2832 sententias
1720 2789 1867 2848 magis
1907 2790 1951 2831 in
1994 2788 2091 2832 dies

432 2921 473 2952 ‹l›
493 2920 541 2950 Cf.
563 2921 736 2959 Sclnnalz,
757 2930 789 2959 p.
810 2921 886 2952 2653:
909 2921 1061 2958 Fischer,
1080 2917 1365 2953 Recllonslelere.
1388 2921 1412 2958 I,
1433 2930 1465 2958 p.
1492 2920 1537 2950 13.

370 2993 378 3000 ,
433 2967 473 3004 (²2)
496 2967 684 2998 Liviainunl
705 2977 819 2998 unum
837 2970 888 2998 est
907 2969 1125 3006 exemplum,
1146 2968 1238 3005 quod
1258 2968 1329 2997 iam
1349 2968 1510 2998 laudam
1530 2967 1671 2997 Flscher
1691 2962 1987 3004 (Restionslelmv,
2003 2966 2044 3004 ΙΙ,
2058 2974 2090 3003 p.

394 3014 438 3050 ll)
467 3023 473 3043 z
507 3013 747 3048 l'oxtularem.
782 3016 818 3044 ut
845 3014 900 3044 1112<
934 3013 1209 3044 [unum-talibus
1237 3011 1353 3044 Itonos
1378 3010 1586 3047 haberetur,
1617 3015 1648 3043 et
1682 3013 1757 3052 [pse
1786 3009 2025 3051 triumphans
2055 3011 2092 3041 ι’φι

392 3059 615 3099 Capitolium
663 3061 932 3092 ascenderem...
974 3061 1164 3100 Nemo-etis
1211 3057 1276 3090 leot·
1324 3058 1417 3091 tullii
1457 3068 1534 3090 cum
1579 3060 1635 3089 (Iis
1674 3058 1976 3090 Immortalibusl'
2015 3059 2090 3089 Liv.

390 3107 541 3138 XXVIII.
561 3108 610 3138 48.

434 3153 473 3188 13)
495 3154 606 3192 Hand,
628 3153 864 3191 Tursellmus,
887 3155 927 3193 ΙΙ,
948 3164 979 3193 p.
1001 3154 1069 3187 183.
