2373 3689
420 336 464 370 84
986 344 1039 371 DE
1067 345 1436 371 PRAEPOSITIONUM
1467 345 1560 371 USU.

421 439 531 487 quod
555 436 600 475 de
623 450 699 477 suo
722 450 872 487 genere
894 438 936 476 in
953 438 1067 477 aliud
1091 451 1226 487 genus
1250 435 1472 489 transferri
1495 438 1630 488 possit
1654 438 1723 487 (1).
1742 438 1813 477 Ac.
1837 438 1875 477 ἱ).
1899 438 1963 477 50.
1985 436 2037 476 De
2052 441 2126 478 tuo

420 492 568 530 edicto.
597 491 709 529 Fam.
733 492 771 529 3.
796 491 859 529 84.

473 545 534 582 Ad
552 545 806 582 iudicium...
824 543 870 581 «le
892 544 1139 583 contione...
1161 542 1355 583 veniebat.
1376 544 1463 583 Clu.
1480 545 1544 583 03.
1567 543 1618 582 ne
1634 544 1855 594 Capitolio.
1877 545 1922 583 ln
1941 542 2041 584 Se'n.
2067 545 2124 584 1⁴2.

485 596 589 636 l'crli
608 598 740 636 mulla
762 596 807 635 de
830 597 995 636 Graecis
1021 598 1090 645 (2).
1115 598 1236 636 Tusc.
1262 599 1298 636 2.
1324 598 1387 636 213.

481 686 599 726 llaec
621 684 769 725 omnia
798 684 1000 741 exempla
1031 684 1068 726 51
1091 699 1190 726 eum
1219 684 1275 726 iis
1298 686 1605 735 conseruntur,
1635 701 1748 742 quae
1772 684 1891 742 apud
1913 684 2128 742 Hierony-

420 770 538 796 mum
573 754 760 797 collecta
791 754 977 812 protulit
1005 756 1059 796 H.
1087 755 1294 805 Goelzer,
1331 755 1622 813 intellegetur
1649 755 1765 797 inter
1802 755 1910 798 haee
1935 761 2127 813 utraque

417 825 555 867 multo
579 825 727 867 minus
756 841 889 883 quam
912 825 1029 867 inter
1058 825 1383 868 Cieeronianos
1413 825 1811 884 Caesarianosque
1833 826 1956 869 locos
1988 826 2128 868 inter-

418 912 537 938 esse.

476 968 515 1023 2)
538 969 602 1009 De
625 966 791 1009 nomini
820 967 965 1024 partis
987 967 1313 1025 praepositum.

478 1038 616 1088 Idem,
650 1038 769 1095 quod
807 1038 852 1080 111
897 1038 1009 1088 loeo,
1047 1038 1182 1081 etiam
1221 1038 1266 1080 in
1312 1045 1440 1096 parte
1482 1039 1784 1097 significanda
1829 1038 2129 1081 animadverti

416 1115 583 1166 potest,
609 1124 710 1151 nam
734 1109 907 1152 Caesar
929 1109 1311 1167 praepositionem
1333 1111 1389 1152 de
1412 1126 1513 1152 raro
1535 1116 1727 1168 usurpat
1751 1126 1894 1168 neque
1916 1125 2127 1168 umquam

416 1180 507 1222 fere
539 1179 625 1222 nisi
660 1186 762 1237 post
792 1179 1058 1237 pronomina
1090 1187 1167 1222 aut
1200 1196 1428 1231 numeros,
1461 1181 1621 1224 Cicero
1648 1196 1757 1223 vero
1788 1180 2055 1238 saepissime
2085 1186 2129 1222 et

415 1250 461 1293 in
482 1251 643 1309 quavis
667 1251 920 1293 sententiae
943 1251 1100 1295 forma.

477 1326 527 1377 a)
548 1322 765 1380 Exempla
795 1323 1073 1366 Caesariana
1100 1329 1314 1382 quattuor
1337 1326 1389 1379 (3)
1419 1323 1597 1365 omnino
1620 1330 1724 1366 sunt
1749 1339 1757 1366 :

470 1417 599 1457 Pauci
632 1417 678 1457 (le
711 1419 870 1458 nostris
904 1419 1076 1459 eadunt.
1110 1420 1152 1458 Β.
1185 1420 1231 1459 G.
1266 1420 1294 1458 I.
1331 1420 1388 1459 15.
1423 1420 1461 1459 2.
1489 1418 1695 1468 Quosdam
1727 1418 1773 1458 de
1803 1419 1985 1459 exercitu
2015 1419 2127 1459 nacti

417 1472 607 1522 captivos
638 1473 689 1511 ab
725 1472 790 1511 1115
824 1473 1100 1512 docebantur.
1127 1474 1170 1512 Β.
1197 1473 1242 1512 G.
1274 1474 1322 1512 V.
1358 1474 1421 1512 42.
1452 1474 1489 1512 2.
1519 1472 1570 1511 lle
1600 1474 1664 1512 1115
1699 1474 1867 1512 duobus
1901 1473 2128 1523 generibus

416 1523 590 1564 alterum
623 1529 685 1565 est
719 1525 934 1573 druidum,
959 1524 1133 1565 alterum
1168 1527 1376 1576 equitum.
1408 1527 1452 1565 B.
1488 1527 1533 1565 G.
1559 1527 1626 1565 vl.
1666 1527 1724 1566 13.
1754 1527 1792 1565 3.
1819 1527 1972 1565 Fabius
2000 1527 2126 1565 Paeli-

416 1591 528 1628 gnus
568 1579 742 1628 quidam
783 1591 831 1618 ex
871 1579 1032 1617 intimis
1069 1580 1292 1618 ordinibus
1326 1578 1372 1617 ‹la›
1406 1580 1589 1619 exercitu
1633 1580 1878 1619 Curionis...
1915 1580 2125 1619 Varum...

416 1632 668 1681 requirebat.
695 1633 738 1671 B.
764 1632 807 1671 C.
833 1633 882 1671 ll.
906 1633 971 1671 35.
1000 1633 1033 1671 1.

477 1727 569 1767 Hoc
591 1725 796 1767 ultimum
819 1726 1072 1783 exemplum
1095 1726 1239 1768 solum
1271 1733 1356 1778 est,
1382 1726 1426 1768 in
1453 1742 1539 1785 quo
1562 1728 1618 1769 (le
1641 1743 1694 1769 ex
1720 1726 1840 1768 nullo
1868 1726 2128 1783 pronomine

415 1802 492 1838 aut
514 1811 699 1839 numero
724 1796 945 1853 pendeat;
976 1797 1037 1839 ibi
1066 1803 1217 1839 autem
1245 1797 1546 1840 animadverti
1576 1804 1727 1855 potest
1757 1797 1872 1839 hano
1894 1796 2128 1855 praeposi-

413 1866 579 1909 tionem
608 1883 660 1910 ea
682 1867 735 1909 de
758 1883 897 1911 eausa
919 1884 1022 1910 esse
1050 1875 1334 1926 usurpatam.
1360 1885 1412 1910 ne
1436 1884 1494 1911 (3.1
1521 1868 1763 1911 iteraretur
1795 1884 1801 1910 :
1837 1886 1857 1907 «
1883 1883 1941 1910 ex
1961 1867 2128 1910 infimis

415 1937 649 1980 ordinibus
673 1953 730 1980 ex
759 1938 1013 1981 exercitu...
1044 1958 1062 1978 »

475 2009 520 2063 b)
543 2008 760 2066 Exempla
783 2009 1081 2052 Ciceroniana
1103 2025 1202 2052 eum
1230 2010 1422 2067 plurima
1444 2010 1550 2058 sint,
1577 2025 1628 2052 ea
1648 2009 1893 2067 separatim
1915 2008 2125 2057 laudabo,

413 2079 458 2120 in
481 2079 644 2137 quibus
662 2095 715 2121 ex
736 2080 1095 2137 pronominibus,
1118 2096 1170 2122 ex
1193 2080 1408 2130 numeris,
1435 2096 1488 2122 ex
1511 2080 1822 2138 superlativis,
1844 2096 1896 2122 ex
1917 2079 2130 2121 substan-

414 2149 540 2200 tivis,
571 2166 623 2192 ex
655 2150 826 2202 verbis,
857 2167 909 2193 ex
939 2157 1033 2193 toto
1069 2151 1260 2209 denique
1291 2151 1524 2194 enuntiato
1558 2151 1838 2209 praepositio
1866 2150 2031 2208 pendet
2054 2151 2125 2206 (4).

473 2228 511 2281 α)
534 2228 598 2268 De
620 2226 786 2283 pendet
808 2243 861 2269 ex
883 2227 1225 2285 pronominibus
1252 2243 1259 2269 ς

435 2339 440 2342 -
469 2318 653 2373 Aliquem
676 2320 721 2360 (le
743 2325 815 2361 tua
842 2323 1040 2362 societate
1064 2323 1257 2373 reperies.
1284 2324 1406 2362 Rosc.
1432 2323 1495 2361 93.
1522 2320 1682 2374 Aliquis
1703 2320 1749 2359 de
1770 2322 1942 2371 populo.
1967 2321 2061 2360 Ver.
2091 2321 2124 2359 1.

421 2374 507 2412 148.
533 2375 693 2426 Aliquis
714 2374 760 2413 (le
783 2376 958 2414 familia.
985 2376 1101 2415 Caec.
1127 2377 1190 2415 355.
1218 2375 1405 2428 Aliquem
1438 2375 1484 2414 de
1513 2389 1589 2414 5110
1612 2387 1803 2414 numero.
1830 2375 1936 2413 Phil.
1966 2375 2025 2412 11.
2060 2374 2125 2413 25.

419 2425 470 2464 De
493 2428 576 2466 tuis
605 2426 785 2479 aliquem
815 2430 1099 2467 tabellarium.
1136 2430 1222 2468 Att.
1257 2430 1293 2468 5.
1330 2429 1389 2467 18.
1430 2430 1463 2467 4.
1495 2427 1551 2467 lle
1584 2429 1673 2467 eius
1701 2428 1926 2467 heredibus
1960 2425 2123 2479 aliquale.

416 2481 514 2529 Leg.
539 2481 574 2518 2.
601 2481 664 2519 51.
690 2479 878 2532 Aliquem
907 2480 952 2520 (le
984 2482 1119 2521 tribus
1145 2482 1280 2521 nobis.
1316 2483 1415 2532 Leg.
1439 2482 1477 2520 3.
1510 2482 1566 2520 14.
1592 2479 1760 2533 ..lletquid
1786 2480 1831 2518 cle
1866 2481 1953 2519 suis
1984 2481 2123 2519 bonis.

414 2533 508 2572 Ver.
545 2533 580 2572 5.
619 2534 705 2572 128.
743 2532 912 2586 Ale'quld
945 2533 990 2573 <le
1018 2536 1172 2574 alieno.
1205 2536 1306 2585 Rep.
1341 2535 1380 2574 3.
1416 2535 1479 2573 24.
1514 2532 1683 2586 Aliquid
1721 2532 1766 2571 de
1804 2534 1907 2572 meis
1942 2533 2123 2582 seriptis.

466 2637 522 2676 D«
544 2640 801 2678 firmissimis
823 2637 907 2678 alia
930 2641 1065 2690 prima
1091 2644 1232 2690 ponet,
1258 2638 1340 2678 alla
1366 2644 1593 2690 postrema.
1619 2640 1687 2678 Or.
1712 2639 1775 2678 50.

467 2689 655 2730 Alterum
675 2691 721 2731 de
742 2693 925 2731 duobus.
950 2693 1071 2731 Tuse.
1101 2693 1133 2731 1.
1159 2694 1223 2732 97.

469 2742 594 2782 Nemo
626 2744 672 2783 (le
705 2746 770 2791 115,
808 2746 882 2794 qui
916 2746 1162 2795 peritissimi
1198 2750 1312 2785 sunt.
1339 2746 1394 2785 De
1432 2745 1499 2784 Or.
1540 2745 1573 2784 l.
1612 2745 1696 2784 191.
1732 2745 1862 2783 Video
1901 2743 1946 2782 de
1980 2744 2122 2783 istis...

414 2796 560 2835 abesse
589 2810 674 2836 non
711 2799 925 2837 neminem.
957 2798 1046 2837 Cat.
1072 2799 1107 2837 4.
1146 2799 1205 2837 10.
1231 2799 1366 2838 Paene
1401 2799 1616 2845 neminem,
1650 2810 1701 2836 ne
1734 2796 1779 2836 de
1812 2797 2123 2836 officiosissima

455 2954 494 2988 (ll
515 2953 549 2983 C.
570 2954 657 2992 Quid
677 2956 739 2993 est,
757 2956 849 2993 quod
870 2964 939 2986 non
958 2956 1108 2993 possit...
1134 2963 1176 2985 er
1194 2964 1326 2986 conexo
1347 2954 1550 2994 l1·1etzsfet·}·t'
1576 2955 1617 2985 ad
1643 2955 1941 2985 coniunctionum
1962 2954 2124 2991 negatio-

416 3008 496 3029 nem
508 2999 523 3029 :³
542 3001 612 3030 Fut.
638 3001 681 3031 16.

456 3047 495 3078 <21
517 3047 565 3078 Cf.
587 3049 629 3079 t't
648 3057 664 3077 ι’
681 3050 811 3080 Graeco
833 3051 982 3080 ratam.
1004 3051 1062 3080 Ac.
1086 3051 1112 3079 1.
1133 3050 1182 3080 26.

456 3098 495 3134 43)
517 3097 569 3127 Er
587 3101 720 3137 contra,
741 3100 804 3130 hae
828 3100 1103 3138 significatione,
1126 3101 1162 3131 in
1181 3101 1294 3131 CXLll
1318 3101 1403 3131 loeis
1422 3100 1618 3131 invenitur.
1641 3100 1677 3130 V.
1698 3100 1982 3137 Menge-Preuss.

458 3144 498 3182 (4)
518 3143 567 3175 Cf.
588 3145 700 3184 Hand,
718 3146 759 3185 ΙΙ,
779 3154 811 3184 p.
831 3146 902 3185 496,
922 3155 1019 3186 sqq.;
1040 3147 1185 3186 Drager,
1206 3147 1231 3186 1,
1248 3156 1280 3187 p.
1301 3147 1377 3185 4593
1398 3147 1543 3183 Clairin,
1565 3154 1597 3184 p.
1617 3145 1667 3178 91.
