2373 3689
391 358 413 381 ΙΙ
1097 349 1359 375 PnooEMlt'M.

448 444 703 488 Eteni1n.nt
730 443 816 484 iain
840 442 935 483 eius
959 441 1021 483 rei
1045 440 1249 498 exempla
1272 440 1514 497 proferam,
1540 439 1583 481 in
1608 439 1847 482 sententiis
1870 455 2086 482 consecu-

388 518 492 559 tivis
514 516 758 572 perfectum
783 512 1057 554 snbiunetivi
1080 518 1181 569 post
1206 511 1452 569 praeterita
1474 517 1677 569 tempora
1693 518 1962 569 usurpatum
1985 527 2086 553 esse

387 604 410 629 a
452 589 650 629 Caesare
691 583 950 641 aliquando,
995 600 1017 625 a
1057 583 1275 624 (lieet-one
1311 598 1553 640 numquam
1595 582 1827 624 contendit
1868 582 2086 624 Riemann

386 688 389 710 ,1
408 659 638 713 ,s'gsnlcarsu
664 669 706 710 p.
740 655 844 693 13:353]
869 654 946 708 (liz
972 654 1204 693 Constans
1228 657 1376 693 autem
1394 666 1548 693 vocem
1569 666 1749 693 (manem
1775 651 1831 693 ad
1852 651 1943 693 vim
1961 650 2088 693 verbi

387 727 529 769 lolius
552 726 668 782 apud
700 726 944 767 (jaesarmn
968 738 1104 779 saepe
1134 721 1366 768 accedere,
1399 722 1517 780 apud
1542 721 1806 763 Ciceronem
1830 728 1978 764 autem
2002 737 2088 763 non

387 798 531 839 solere
555 796 802 837 arbitratur
826 797 897 849 (2).

451 870 527 910 lna.
561 867 724 924 quibus
754 865 881 923 plura
918 865 1080 907 similia
1111 865 1289 907 adicere
1320 879 1525 922 possum,
1562 870 1719 905 notare
1747 863 1884 913 volui,
1922 878 2010 905 non
2041 869 2090 904 ut

388 939 508 981 viros
541 937 831 979 doctissimos
859 935 1254 993 reprehenderem,
1286 935 1404 977 unde.
1432 935 1564 993 longe
1595 934 1772 982 absum,
1805 933 1884 976 sed
1912 941 1960 976 ut
1986 949 2088 991 per-

389 1010 591 1067 spicuum
625 1011 828 1056 lacerem,
856 1014 1051 1065 quantae
1081 1006 1295 1049 tenebrae
1318 1006 1387 1048 his
1411 1005 1722 1064 grammaticis
1745 1004 2089 1063 quaestionilms

387 1087 538 1123 essent
555 1080 742 1121 otl'usae.
764 1081 854 1121 Eae
873 1084 1021 1120 autem
1034 1085 1080 1120 ut
1096 1078 1415 1127 discutiantur,
1429 1076 1639 1134 permulti
1654 1076 1886 1119 elaborent
1902 1091 2089 1118 necesse

387 1159 471 1197 est,
502 1167 581 1193 nec
606 1150 721 1192 enim
752 1166 823 1191 res
848 1156 913 1191 est
936 1148 1063 1206 parvi
1088 1148 1257 1190 laboris
1275 1165 1354 1191 nec
1377 1164 1623 1206 paucorum
1639 1163 1857 1190 annornm
1881 1147 2088 1205 singulos

391 1223 573 1265 Latinos
597 1222 844 1279 scriptores
864 1220 924 1262 ita
948 1219 1244 1277 perscrutari,
1270 1226 1317 1262 ut
1341 1235 1455 1278 quae
1479 1219 1639 1277 cuique
1662 1234 1760 1261 cum
1780 1218 1881 1260 aliis
1903 1218 2089 1260 interce-

387 1294 459 1335 dat
487 1293 616 1340 ratio,
643 1293 817 1335 elucere
840 1291 1015 1349 possita
1048 1307 1126 1333 nec
1155 1298 1306 1333 tamen
1336 1297 1439 1333 ante
1470 1290 1637 1348 poterit
1672 1289 1812 1332 totius
1847 1288 2089 1331 latinitatis

389 1364 574 1407 historia
609 1363 848 1410 e‹‘›nscribi,
887 1378 1020 1421 quam
1050 1362 1395 1420 praecipuorum
1426 1361 1697 1418 scriptorum
1732 1376 1877 1419 genus
1911 1359 2089 1402 dicendi

389 1436 566 1493 penitus
596 1434 677 1477 erit
708 1433 1052 1491 investigatum.

447 1506 616 1549 Omnes
640 1512 788 1547 autem
816 1505 933 1546 inter
963 1504 1212 1562 scriptores
1237 1503 1425 1545 Latinos
1448 1518 1547 1545 cum
1577 1502 1686 1545 nulli
1708 1503 1752 1544 in
1775 1502 1910 1544 rebus
1937 1517 2089 1560 gram-

389 1577 565 1619 maticis
599 1576 813 1618 maiorem
853 1575 1058 1618 obtinent
1092 1575 1409 1617 auctoritatem
1445 1589 1577 1632 quam
1610 1573 1769 1617 Cicero
1811 1579 1855 1615 et
1895 1574 2085 1622 Caesar,

387 1656 479 1690 tuni
502 1648 609 1690 nulli
633 1654 753 1698 sunt,
779 1646 853 1705 qui
870 1646 986 1688 inter
1009 1662 1056 1688 se
1079 1646 1320 1688 similiores
1340 1661 1442 1688 esse
1461 1645 1720 1687 videantur.
1750 1646 1950 1702 Uterque
1971 1643 2088 1686 enim

390 1719 561 1761 ratione
600 1725 733 1776 atque
775 1717 987 1775 analogia
1025 1724 1257 1775 tamquam
1298 1717 1493 1759 obrussa
1531 1723 1679 1769 utens,
1718 1715 2089 1758 consuetudinem

389 1790 626 1832 emendare
649 1795 837 1831 conatus
861 1795 930 1831 est
949 1789 1082 1844 (32],ut
1099 1788 1196 1846 ipse
1219 1794 1417 1830 testatur
1442 1787 1602 1831 Cicero
1618 1787 1663 1829 in
1682 1789 1839 1839 Bruto,
1856 1786 1933 1828 ubi
1956 1785 2089 1828 etiam

388 1867 565 1902 mutuae
585 1859 831 1902 voluntatis
855 1866 989 1917 atque
1011 1859 1164 1901 iudicii
1186 1865 1278 1901 tam
1300 1858 1480 1916 insigne
1505 1857 1633 1900 nobis
1656 1857 1966 1900 testiinonium
1984 1856 2089 1899 reli-

389 1931 499 1989 quit.
519 1930 739 1987 Quamvis
761 1937 911 1972 tamen
935 1929 1068 1972 simili
1092 1945 1199 1972 cura
1221 1936 1411 1987 uterque
1440 1945 1488 1971 se
1515 1945 1538 1971 a
1567 1928 1871 1971 multitudinis
1898 1943 2089 1970 consue-

388 2002 541 2044 tudine
562 2001 775 2059 vitiisque
796 2001 1087 2051 abstraxerit,
1114 2017 1201 2043 non
1217 2000 1470 2042 mirandum
1493 2007 1579 2048 est,
1603 2000 1641 2041 si
1665 1999 1721 2041 ad
1744 1999 1856 2041 bene
1878 1998 2089 2057 loquendi

390 2072 565 2115 laudem
594 2072 790 2114 diversis
813 2072 1045 2130 paululum
1067 2071 1153 2113 viis
1182 2071 1489 2114 tetenderunt.
1518 2070 1800 2128 tfbicumque
1823 2069 1940 2112 enim
1969 2069 2090 2111 nulla

389 2143 566 2201 publica
588 2143 837 2185 auctoritas
859 2143 1000 2201 viget,
1034 2159 1148 2200 quae
1172 2158 1328 2184 omnes
1348 2142 1402 2184 ad
1421 2158 1556 2184 unam
1579 2141 1710 2200 quasi
1728 2142 1915 2183 formam
1938 2141 2090 2182 flectat

390 2220 431 2255 et
463 2213 784 2263 accommodet,
819 2213 880 2255 ibi
914 2214 1002 2255 iam
1039 2214 1093 2255 ad
1117 2229 1246 2256 suum
1281 2214 1472 2271 quisque
1507 2213 1722 2255 iudicium
1750 2218 1826 2254 aut
1854 2211 2090 2254 arbitrium

390 2300 533 2342 genus
557 2284 733 2326 dicendi
763 2284 849 2326 sibi
872 2284 1020 2342 fingit,
1047 2301 1124 2326 nec
1153 2284 1248 2327 fieri
1272 2290 1439 2341 potest,
1465 2290 1512 2325 ut
1535 2299 1587 2325 ea
1608 2283 1653 2324 in
1682 2299 1728 2324 re
1756 2282 1952 2324 onmium
1973 2281 2089 2323 iudi-

390 2355 456 2397 cia
479 2355 779 2397 consentiant.
807 2355 925 2411 Quid
955 2363 1103 2397 autem
1127 2372 1177 2397 eo
1206 2362 1406 2412 tempore
1428 2353 1705 2396 discriminis
1739 2353 1856 2395 iuter
1883 2352 2088 2410 singulos

391 2425 636 2481 scriptores
659 2425 928 2474 interfuerit,
952 2425 1080 2467 facile
1102 2425 1354 2482 intelleget,
1380 2424 1647 2483 quicumque
1670 2424 1784 2466 lecto
1806 2424 2004 2466 Caesare
2033 2422 2089 2464 ad

394 2495 586 2539 Hirtium
608 2503 784 2554 perget.
811 2498 1097 2554 Quamquam
1120 2496 1262 2554 igitur
1293 2495 1453 2539 Cicero
1485 2511 1509 2537 a
1544 2496 1744 2538 Caesare
1772 2494 1911 2536 multo
1941 2493 2088 2535 minus

391 2581 523 2623 quam
550 2566 720 2608 Hirtius
743 2566 988 2624 discrepat,
1015 2582 1102 2609 non
1124 2582 1265 2624 parvo
1291 2572 1442 2608 tamen
1464 2565 1704 2608 intervallo
1733 2565 1788 2607 ab
1812 2580 1862 2607 eo
1890 2564 2089 2606 disiunc-

436 2719 474 2751 ‹l›
496 2719 590 2749 Inter
607 2719 838 2750 Ciceroniana
866 2720 1039 2758 exempla,
1060 2728 1150 2758 quae
1168 2721 1332 2750 sexcenta
1351 2721 1448 2758 sunt,
1469 2728 1584 2750 unum
1603 2721 1664 2750 aut
1682 2719 1835 2749 alterum
1854 2717 1985 2749 referre
2002 2718 2089 2748 satis

392 2766 456 2795 erit
477 2775 482 2795 z
504 2776 518 2794 υ
539 2767 651 2803 pridie
678 2767 757 2797 idus
775 2776 855 2797 cum
876 2768 1012 2805 Appius
1031 2770 1195 2798 senatum
1215 2767 1479 2805 infrequentem
1508 2768 1691 2805 coegisset,
1714 2768 1854 2797 tantum
1874 2765 1941 2796 fuit
1960 2765 2087 2803 frigus,

393 2814 429 2842 ut
449 2815 594 2842 coactus
621 2813 667 2843 sit
688 2823 750 2845 nos
769 2815 961 2845 dimittere.
983 2825 997 2844 „
1017 2816 1136 2853 Quint.
1157 2815 1199 2845 fr.
1219 2815 1249 2845 2.
1273 2816 1318 2845 10.
1346 2816 1370 2845 l.
1392 2824 1406 2844 (t
1428 2816 1610 2845 Inclusum
1636 2816 1799 2845 senatum
1823 2814 2025 2844 habuerunt
2040 2813 2089 2843 ita

393 2860 523 2889 multos
541 2860 626 2898 dies,
646 2862 685 2891 ut
706 2861 918 2891 Interierint
937 2871 1007 2892 non
1028 2863 1119 2893 nulli
1138 2862 1243 2893 fame.
1260 2872 1274 2892 »
1294 2863 1365 2892 ΑΗ.
1381 2862 1455 2892 (1.2,
1472 2864 1502 2892 ὃ.
1519 2862 1568 2893 Cf.
1584 2862 1792 2892 «inclusum
1813 2862 1977 2891 senatum
1994 2861 2087 2890 obse-

392 2907 500 2945 derat,
520 2909 557 2937 ut
577 2907 669 2938 fame
693 2910 873 2939 senatores
898 2910 1057 2948 quinque
1086 2911 1329 2940 morerentur.
1352 2920 1366 2939 »
1385 2910 1457 2940 Att.
1477 2909 1507 2939 6.
1532 2911 1558 2940 l.
1579 2910 1609 2939 ti.
1630 2919 1645 2938 «
1665 2909 1809 2939 Milonis
1827 2908 1975 2938 domum
1996 2907 2086 2945 prid.

394 2954 441 2983 ld.
462 2955 546 2984 Nov.
566 2955 754 2986 incendere
778 2956 825 2986 ita
850 2959 998 2987 conatus
1022 2958 1084 2995 est,
1111 2958 1150 2987 ut
1169 2958 1287 2995 palam
1313 2965 1396 2987 culn
1421 2957 1531 2987 scutis
1557 2956 1720 2986 homines
1743 2954 1952 2984 ‹ualui-erit.
1975 2963 1990 2983 »
2015 2955 2087 2984 Att.

393 3001 421 3029 4.
440 3000 470 3030 3.
492 3000 522 3038 3,
547 3003 610 3031 etc.
641 3002 744 3032 Plura
771 3004 931 3042 exempla
957 3004 1168 3035 enumeravi
1196 3004 1234 3035 in
1261 3004 1371 3035 altera
1398 3003 1502 3041 thesi,
1531 3001 1663 3032 Ezndes
1687 3008 1752 3032 sur
1776 3000 1810 3031 Ια
1838 2999 1972 3040 lemque
1997 3002 2029 3030 et
2053 2999 2089 3030 la

394 3047 622 3084 grammaire
640 3047 680 3078 (Ie
701 3047 860 3085 Ciceron,
882 3058 956 3089 cap.
976 3050 1014 3090 V,
1034 3050 1053 3091 ξ
1071 3050 1100 3081 2.

437 3092 476 3123 ¹2!
496 3092 536 3124 V.
554 3093 660 3133 infra,
680 3103 755 3134 cap.
776 3095 817 3135 11,
837 3095 855 3136 ξ
872 3095 903 3128 3.

438 3138 476 3176 131
498 3138 547 3171 Cf.
567 3139 755 3181 Riemann,
776 3140 950 3183 syntaxe,
969 3150 1002 3183 p.
1022 3142 1052 3174 ἓ.
