2373 3689
417 357 461 391 20
1021 366 1074 392 nr:
1102 365 1386 393 PnoNOMlNUM
1417 367 1511 393 usr.

417 459 635 498 materiam
668 459 771 497 artis
801 458 1031 497 rhetoricae
1064 459 1354 498 nominamus
1393 460 1480 499 lnv.
1516 461 1545 499 1.
1578 460 1614 499 7.
1641 460 1683 499 Si
1707 461 1823 500 locus
1850 465 2119 512 opportunus

415 513 465 550 :ul
503 525 593 550 eam
630 524 729 553 rem,
761 524 843 560 qua
873 512 922 550 de
954 524 995 549 re
1028 513 1283 559 narrabitur,
1316 513 1447 552 fuisse
1474 514 1736 553 ostendetur.
1774 515 1863 553 lnv.
1906 515 1937 553 1.
1973 516 2037 554 211.
2068 516 2120 554 Ut

416 566 551 603 simile
574 565 623 602 iis
652 565 778 603 rebus
807 564 874 611 sit,
901 577 1008 613 quas
1037 578 1100 604 res
1122 569 1221 605 ante
1252 566 1563 605 induxerimus,
1590 567 1680 606 lnv.
1710 567 1741 606 l.
1766 568 1830 606 53.
1855 568 2118 617 Argumenta

416 622 523 656 certa
566 621 806 657 nascentur.
847 630 1030 666 quorum
1071 623 1425 668 argumentorum
1462 632 1607 669 pars...
1646 620 1736 659 lnv.
1773 622 1809 659 2.
1850 621 1912 660 411.
1951 621 2038 659 Nisi
2079 622 2118 660 id

419 672 574 709 sat-tum
599 674 720 712 esset,
746 670 794 709 de
821 683 906 719 quo
935 671 1044 710 facto
1074 671 1276 711 iudicium
1306 676 1382 711 est.
1411 673 1499 711 lnv.
1524 673 1560 711 ’2.
1587 673 1649 711 74.
1678 673 1725 712 t't
1750 673 1899 722 legem,
1924 687 2006 723 qua
2031 674 2119 724 lege

417 724 567 766 feeerit,
597 724 794 773 proferat.
822 724 912 762 lnv.
938 724 974 762 2.
999 725 1062 763 82.
1091 725 1146 763 Eo
1176 725 1301 763 modo
1329 729 1456 774 atque
1479 727 1530 764 ab
1557 739 1604 764 co
1632 726 1853 773 vindicari,
1878 739 1963 775 quo
1994 728 2119 766 modo

414 780 448 815 et
475 790 495 814 a
521 789 605 825 quo
628 776 679 815 sit
703 776 932 815 vindicata.
959 777 1049 816 lnv.
1075 778 1111 816 2.
1137 778 1199 816 82.
1226 780 1329 817 Cum
1353 778 1396 816 in
1420 791 1465 817 ea
1489 791 1581 818 re...
1601 779 1841 829 redemptor
1855 779 2011 827 fecerit,
2036 793 2118 830 qua

414 830 456 868 in
474 842 564 868 re...
585 830 675 868 lnv.
700 829 736 868 2.
761 829 825 868 97.
845 830 1191 879 Vituperationes
1213 844 1260 870 ex
1283 832 1333 870 iis
1356 831 1457 870 locis
1480 835 1719 880 sumentur,
1737 832 1810 882 qui
1827 833 1904 871 loci
1927 834 2119 883 personis

415 886 515 922 sunt
538 882 749 922 attributi.
776 883 866 921 Inv.
892 883 928 921 2.
958 883 1044 922 177.

473 971 539 1012 Ex
577 969 705 1011 libris
747 969 1074 1028 philosophicis
1112 987 1163 1014 ea
1203 971 1404 1029 exempla
1447 972 1631 1030 collegit
1670 974 1722 1015 H.
1765 975 1977 1031 Merguet
2018 975 2116 1029 (Ill,

412 1056 455 1098 p.
489 1042 586 1095 255)
614 1056 621 1082 ε

465 1137 554 1183 Quo
575 1136 619 1175 in
644 1149 820 1176 numero
842 1138 1100 1185 conticuisti,
1119 1139 1152 1177 si
1175 1140 1226 1178 ad
1248 1152 1344 1178 eum
1367 1152 1592 1179 numerum
1616 1153 1751 1179 unum
1775 1141 1988 1188 addidero,
2008 1141 2117 1180 mul-

417 1193 514 1229 tane
543 1190 706 1229 erunt?
734 1191 805 1229 Ac.
836 1191 872 1230 2.
903 1191 967 1230 93.
1002 1191 1105 1238 Quia
1136 1193 1271 1242 possit
1301 1193 1489 1232 eiusdem
1520 1194 1634 1232 modi
1662 1194 1836 1233 existere
1864 1194 2019 1233 falsum
2050 1194 2120 1233 ali-

413 1244 542 1292 quod,
568 1243 688 1281 cuius
711 1244 825 1282 modi
857 1244 935 1282 hoc
968 1257 1129 1284 verum.
1156 1246 1228 1284 Ac.
1253 1246 1290 1285 2.
1320 1246 1405 1285 101.
1432 1247 1624 1286 Porrecta
1653 1260 1800 1294 manu,
1825 1260 1932 1297 quac
1961 1260 2116 1286 manus

415 1296 639 1345 significet.
667 1296 756 1335 Fin.
787 1297 819 1335 l.
843 1297 908 1336 39.
934 1298 1041 1337 Ea...
1067 1310 1205 1338 errore
1230 1299 1334 1346 fieri,
1360 1300 1433 1348 qui
1455 1312 1568 1339 error
1599 1300 1741 1339 stultis
1763 1304 2013 1339 extenuetur
2034 1301 2114 1340 die.

413 1349 534 1388 Tusc.
560 1350 596 1388 4.
620 1349 685 1388 39.
711 1351 773 1389 Ad
796 1363 888 1389 eam
911 1364 1082 1390 eausam
1106 1352 1375 1391 referendum
1403 1357 1479 1399 est,
1504 1365 1613 1402 quae
1641 1366 1766 1392 causa
1796 1355 1944 1403 genuit
1972 1354 2117 1393 civita—

416 1406 514 1441 tem.
550 1403 651 1453 Rep.
689 1403 721 1442 l.
756 1404 820 1442 41.
853 1404 997 1443 Scelus
1026 1408 1090 1444 est
1119 1417 1265 1444 nocere
1297 1406 1467 1453 bestiae,
1498 1407 1610 1455 quod
1641 1407 1827 1446 scelus...
1856 1407 1959 1457 Rep.
1988 1407 2026 1446 3.
2052 1407 2114 1446 19.

416 1455 683 1506 Voluptatem
708 1457 945 1507 eorporis...
971 1470 992 1496 a
1023 1461 1176 1497 natura
1206 1459 1365 1506 datam,
1397 1460 1517 1498 cuius
1548 1460 1831 1510 voluptatis...
1857 1462 1945 1499 Cat.
1972 1461 2025 1499 M.
2049 1461 2114 1499 39.

867 1664 882 1705 ξ
910 1662 954 1698 3.
984 1683 1025 1687 -
1055 1662 1362 1700 Pronomina
1389 1663 1666 1700 indefinita.

575 1816 607 1857 Ι.
651 1816 758 1865 Ulli,
798 1817 923 1858 melli
955 1830 1231 1859 USURPATUM
1268 1832 1354 1859 pao
1389 1818 1633 1874 cuiquam,
1672 1818 1852 1860 nemini
1883 1820 1951 1874 (l).

471 1946 677 1987 Formam
711 1945 912 1988 dativam
946 1946 1226 2003 pronominis
1262 1947 1411 1990 ullius
1445 1963 1688 2005 numquam
1730 1947 1994 1991 Ciceronem
2034 1962 2115 2005 pro

411 2016 633 2072 cuiqnam
665 2031 918 2073 usurpasse
956 2023 1076 2059 recte
1114 2024 1264 2060 monet
1295 2018 1376 2060 Ae.
1415 2017 1613 2060 Thomas
1649 2020 1719 2074 (2).
1752 2019 1925 2062 Caesar
1959 2025 2115 2061 eontra

411 2101 508 2128 eam
532 2086 670 2128 semel
692 2086 863 2144 recepit
888 2102 895 2128 2

466 2182 599 2231 Negat
622 2194 663 2221 se
686 2194 800 2221 more
822 2186 862 2222 et
883 2184 1074 2233 exemplo
1102 2184 1249 2234 populi
1278 2185 1462 2223 Romani
1490 2197 1613 2235 posse
1640 2185 1720 2225 iter
1750 2183 1821 2223 ulle<
1844 2198 1915 2235 per
1936 2185 2112 2224 Provin-

413 2234 519 2273 ciam
543 2235 654 2274 dare.
675 2235 718 2274 B.
739 2236 784 2274 G.
811 2236 839 2274 I.
864 2235 901 2274 8.
926 2236 963 2275 3.

474 2323 565 2363 Hoc
594 2321 710 2363 idem
741 2321 876 2364 etiam
907 2323 1026 2380 apud
1055 2323 1268 2365 Plancum
1297 2324 1507 2374 occurrit,
1540 2324 1619 2367 sed
1642 2324 1681 2367 ei
1702 2324 1747 2367 id
1770 2324 1951 2367 videtur
1973 2325 2113 2367 fuisse

412 2406 592 2443 causae,
629 2398 677 2434 ut
711 2392 823 2434 hanc
859 2393 1046 2435 formam
1080 2401 1340 2451 usurparet,
1378 2394 1497 2453 quod
1524 2396 1678 2437 statim
1706 2402 1809 2453 post
1838 2397 2109 2453 quicquam,

412 2478 524 2519 quae
549 2478 635 2505 vox
657 2463 857 2520 proxime
887 2464 1200 2511 antecedebat,
1231 2466 1456 2522 cuiquam
1490 2466 1564 2508 vix
1596 2482 1736 2509 ausus
1769 2467 1828 2509 sit
1856 2466 2027 2518 dicere,
2062 2482 2110 2509 ea

412 2539 482 2574 est
503 2533 619 2575 enim
642 2533 738 2576 eius
768 2534 993 2577 sententia
1020 2550 1027 2576 :

465 2629 568 2667 Huic
590 2630 707 2679 prius
734 2631 1025 2669 excusandum
1049 2643 1113 2670 me
1140 2644 1229 2671 esse
1258 2632 1440 2671 arbitror
1469 2646 1598 2682 quam
1627 2634 1676 2672 de
1703 2634 1948 2683 insequenti
1977 2633 2112 2673 officio

411 2682 629 2733 quiequam
653 2680 723 2721 ullet
745 2683 1047 2732 pollicendum.
1073 2697 1139 2734 ap.
1165 2684 1247 2723 Cic.
1273 2684 1374 2724 fam.
1403 2686 1462 2724 10.
1487 2686 1524 2724 8.
1554 2686 1586 2725 l.

471 2769 655 2810 Praeter
682 2769 797 2811 hunc
826 2769 985 2822 locum,
1020 2770 1190 2812 nullum
1217 2770 1339 2813 aliud
1368 2772 1620 2830 exemplum
1649 2772 1804 2815 laudat
1832 2775 1954 2815 Neue
1978 2772 2110 2814 huius

411 2837 578 2880 formae
610 2839 941 2889 substantivae,
979 2840 1097 2899 quod
1135 2840 1253 2898 apud
1291 2842 1538 2899 scriptores
1573 2859 1753 2894 aureae,
1783 2859 1898 2901 quae
1929 2842 2108 2894 dicitur,

409 2907 648 2951 latinitatis
677 2917 753 2952 aut
781 2910 915 2953 etiam
939 2918 1157 2969 argentae
1181 2920 1404 2955 occurrat.

472 2978 623 3021 Simile
651 2980 865 3037 quiddam
904 2981 1204 3025 animadverti
1235 2989 1387 3040 potest
1417 2983 1461 3025 111
1495 2983 1650 3025 formis
1687 2984 1866 3026 nemini
1891 2990 1934 3026 et
1969 2983 2107 3036 nulli,

455 3125 494 3159 111
515 3124 564 3155 Cf.
584 3126 886 3166 Neue—tt'agener,
908 3128 948 3166 11,
968 3137 1001 3166 p.
1021 3128 1092 3167 507,
1112 3129 1188 3166 5243
1209 3129 1398 3167 Riemann,
1420 3128 1563 3168 Εΐαιίθκ,
1583 3138 1616 3168 p.
1635 3130 1686 3160 84.

456 3170 493 3200 12¹
516 3171 566 3201 Ad
587 3172 662 3202 Ver.
683 3173 711 3202 25.
736 3174 788 3203 121
811 3183 816 3203 :
839 3185 851 3203 a
873 3174 1017 3205 Ciceron
1045 3176 1232 3213 n'emploie
1254 3176 1383 3214 J'amais
1408 3176 1438 3206 le
1462 3175 1551 3206 datis
1577 3174 1644 3205 ulli
1669 3184 1735 3214 que
1761 3184 1897 3206 comme
1915 3176 2070 3215 adjectif.
2096 3186 2110 3205 »
